<record><leader>00000cas a22000007a 4500</leader><controlfield tag="001">20378589</controlfield><controlfield tag="008">890921d19891989cauer ne      0   a0eng d</controlfield><datafield ind1=" " ind2=" " tag="010"><subfield code="a">sn 98061050 </subfield></datafield><datafield ind1=" " ind2=" " tag="040"><subfield code="a">CSP</subfield><subfield code="b">eng</subfield><subfield code="c">CSP</subfield><subfield code="d">CNK</subfield><subfield code="d">OCLCQ</subfield><subfield code="d">DLC</subfield><subfield code="d">OCLCF</subfield></datafield><datafield ind1=" " ind2=" " tag="037"><subfield code="b">Talk of the Town, 515 North Hunter #7, Stockton, CA 95202</subfield></datafield><datafield ind1=" " ind2=" " tag="042"><subfield code="a">msc</subfield></datafield><datafield ind1=" " ind2=" " tag="043"><subfield code="a">n-us-ca</subfield></datafield><datafield ind1="0" ind2=" " tag="130"><subfield code="a">Talk of the town (Stockton, Calif.)</subfield></datafield><datafield ind1="1" ind2="0" tag="245"><subfield code="a">Talk of the town.</subfield></datafield><datafield ind1=" " ind2=" " tag="260"><subfield code="a">Stockton, Calif. :</subfield><subfield code="b">Talk of the Town Publishers,</subfield><subfield code="c">[1989]</subfield></datafield><datafield ind1=" " ind2=" " tag="300"><subfield code="a">v.</subfield></datafield><datafield ind1=" " ind2=" " tag="310"><subfield code="a">Biweekly</subfield></datafield><datafield ind1="0" ind2=" " tag="362"><subfield code="a">Vol. 1, no. 1 (Mar. 24, 1989)-v. 1, no. 6. (June 2, 1989).</subfield></datafield><datafield ind1=" " ind2="0" tag="651"><subfield code="a">Stockton (Calif.)</subfield><subfield code="v">Newspapers.</subfield></datafield><datafield ind1=" " ind2="7" tag="655"><subfield code="a">Newspapers.</subfield><subfield code="2">fast</subfield><subfield code="0">(OCoLC)fst01423814</subfield></datafield><datafield ind1=" " ind2="7" tag="651"><subfield code="a">California</subfield><subfield code="z">Stockton.</subfield><subfield code="2">fast</subfield><subfield code="0">(OCoLC)fst01206576</subfield></datafield><datafield ind1=" " ind2=" " tag="752"><subfield code="a">United States</subfield><subfield code="b">California</subfield><subfield code="c">San Joaquin</subfield><subfield code="d">Stockton.</subfield></datafield><datafield ind1="0" ind2="0" tag="785"><subfield code="t">Stockton times (Stockton, Calif. : 1989)</subfield><subfield code="w">(DLC)sn 98061051</subfield><subfield code="w">(OCoLC)20378751</subfield></datafield></record>